<record><leader>00000cas a22000007a 4500</leader><controlfield tag="001">9472629</controlfield><controlfield tag="008">830503d1860186umauwr ne      0    0eng d</controlfield><datafield ind1=" " ind2=" " tag="010"><subfield code="a">sn 83020668 </subfield></datafield><datafield ind1=" " ind2=" " tag="040"><subfield code="a">NPX</subfield><subfield code="b">eng</subfield><subfield code="c">NPX</subfield><subfield code="d">OCLCQ</subfield></datafield><datafield ind1=" " ind2=" " tag="042"><subfield code="a">msc</subfield></datafield><datafield ind1=" " ind2=" " tag="043"><subfield code="a">n-us-ma</subfield></datafield><datafield ind1="0" ind2="0" tag="245"><subfield code="a">Northboro times.</subfield></datafield><datafield ind1=" " ind2=" " tag="260"><subfield code="a">Northboro, Mass. :</subfield><subfield code="b">J.M. Farwell</subfield></datafield><datafield ind1=" " ind2=" " tag="300"><subfield code="a">v. ;</subfield><subfield code="c">67 cm.</subfield></datafield><datafield ind1=" " ind2=" " tag="310"><subfield code="a">Weekly</subfield></datafield><datafield ind1="1" ind2=" " tag="362"><subfield code="a">Began in 1860.</subfield><subfield code="z">Cf. Gregory, W. Amer. newspapers.</subfield></datafield><datafield ind1=" " ind2=" " tag="500"><subfield code="a">Motto: "In union we are invincible; let there be no despair respecting the state."</subfield></datafield><datafield ind1=" " ind2=" " tag="500"><subfield code="a">Editor: J.M. Farwell, &lt;1862&gt;.</subfield></datafield><datafield ind1=" " ind2=" " tag="588"><subfield code="a">Description based on: Vol. 2, no. 3 (Jan. 4, 1862).</subfield></datafield><datafield ind1="1" ind2=" " tag="700"><subfield code="a">Farwell, John Maynard,</subfield><subfield code="d">1825-1915.</subfield></datafield><datafield ind1=" " ind2=" " tag="752"><subfield code="a">United States</subfield><subfield code="b">Massachusetts</subfield><subfield code="c">Worcester</subfield><subfield code="d">Northborough.</subfield></datafield><datafield ind1=" " ind2=" " tag="936"><subfield code="a">June 14, 1862</subfield></datafield><datafield ind1="1" ind2=" " tag="029"><subfield code="a">AU@</subfield><subfield code="b">000025795705</subfield></datafield></record>